<record><leader>00000cas a22000007a 4500</leader><controlfield tag="001">11304464</controlfield><controlfield tag="008">841024d18731898iauwr ne      0    0eng d</controlfield><datafield ind1=" " ind2=" " tag="010"><subfield code="a">sn 84038404 </subfield></datafield><datafield ind1=" " ind2=" " tag="040"><subfield code="a">NPX</subfield><subfield code="b">eng</subfield><subfield code="c">NPX</subfield><subfield code="d">INP</subfield><subfield code="d">OCLCQ</subfield></datafield><datafield ind1=" " ind2=" " tag="042"><subfield code="a">msc</subfield></datafield><datafield ind1="0" ind2=" " tag="130"><subfield code="a">Sabula gazette (Sabula, Iowa : 1873)</subfield></datafield><datafield ind1="1" ind2="4" tag="245"><subfield code="a">The Sabula gazette.</subfield></datafield><datafield ind1=" " ind2=" " tag="260"><subfield code="a">Sabula, Jackson County, Iowa :</subfield><subfield code="b">J.F. Fairbank</subfield></datafield><datafield ind1=" " ind2=" " tag="300"><subfield code="a">v.</subfield></datafield><datafield ind1=" " ind2=" " tag="310"><subfield code="a">Weekly</subfield></datafield><datafield ind1="1" ind2=" " tag="362"><subfield code="a">Began in 1873; ceased in 1898?</subfield></datafield><datafield ind1=" " ind2=" " tag="500"><subfield code="a">Includes sections called: The Miles reporter, &lt;Sept. 23, 1876-1898&gt;, and: Preston independent, &lt;Jan. 1, 1887-1898&gt;.</subfield></datafield><datafield ind1=" " ind2=" " tag="500"><subfield code="a">Publisher varies.</subfield></datafield><datafield ind1=" " ind2=" " tag="500"><subfield code="a">Editor: J.F. Fairbank, &lt;1876&gt;.</subfield></datafield><datafield ind1=" " ind2=" " tag="588"><subfield code="a">Description based on: Vol. 2, no. 13 (Oct. 10, 1873).</subfield></datafield><datafield ind1=" " ind2=" " tag="752"><subfield code="a">United States</subfield><subfield code="b">Iowa</subfield><subfield code="c">Jackson</subfield><subfield code="d">Sabula.</subfield></datafield><datafield ind1=" " ind2=" " tag="752"><subfield code="a">United States</subfield><subfield code="b">Iowa</subfield><subfield code="c">Jackson</subfield><subfield code="d">Miles.</subfield></datafield><datafield ind1=" " ind2=" " tag="752"><subfield code="a">United States</subfield><subfield code="b">Iowa</subfield><subfield code="c">Jackson</subfield><subfield code="d">Preston.</subfield></datafield><datafield ind1="0" ind2="0" tag="780"><subfield code="t">Sabula index</subfield></datafield><datafield ind1="0" ind2="0" tag="785"><subfield code="t">Sabula semi-weekly gazette</subfield><subfield code="w">(DLC)sn 87058109</subfield></datafield><datafield ind1="1" ind2=" " tag="787"><subfield code="t">Miles reporter</subfield></datafield><datafield ind1="1" ind2=" " tag="787"><subfield code="t">Preston independent</subfield></datafield><datafield ind1="1" ind2=" " tag="029"><subfield code="a">AU@</subfield><subfield code="b">000025821541</subfield></datafield></record>